<?xml version="1.0" encoding="UTF-8"?><collection xmlns="http://www.loc.gov/MARC21/slim"><record><leader>00625nam--2200217-u-4500</leader><controlfield tag="001">000050499</controlfield><controlfield tag="002">20161230</controlfield><controlfield tag="005">20161230201048</controlfield><controlfield tag="008">070611s1000------------r-----000-0-eng-d</controlfield><datafield ind1=" " ind2=" " tag="020"><subfield code="a">0521590310</subfield></datafield><datafield ind1=" " ind2=" " tag="040"><subfield code="a">IFIN-HH</subfield></datafield><datafield ind1=" " ind2=" " tag="080"><subfield code="a">530.1</subfield></datafield><datafield ind1="1" ind2=" " tag="100"><subfield code="a">Gogolin, Alexander O</subfield></datafield><datafield ind1="1" ind2=" " tag="245"><subfield code="a">Bosonization and Strongly Correlated Systems</subfield><subfield code="c">Alexander O. Gogolin; Alexander A. Nersesyan; Alexei M. Tsvelik</subfield></datafield><datafield ind1=" " ind2=" " tag="260"><subfield code="a">Cambridge</subfield><subfield code="b">University Press</subfield><subfield code="c">1998</subfield></datafield><datafield ind1=" " ind2=" " tag="300"><subfield code="a">423p</subfield></datafield><datafield ind1=" " ind2=" " tag="504"><subfield code="a">Includes bibliographicar references</subfield></datafield><datafield ind1=" " ind2="4" tag="650"><subfield code="a">Bosons</subfield></datafield><datafield ind1="1" ind2=" " tag="700"><subfield code="a">Tsvelik, Alexei M</subfield></datafield><datafield ind1=" " ind2=" " tag="852"><subfield code="c">530.1</subfield></datafield><datafield ind1=" " ind2=" " tag="CAT"><subfield code="a">Sys</subfield><subfield code="c">20110322</subfield><subfield code="h">115517</subfield></datafield></record></collection>